<record><leader>00000cas a2200000 a 4500</leader><controlfield tag="001">15805360</controlfield><controlfield tag="008">870603c19879999txudr ne      0   a0eng c</controlfield><datafield ind1=" " ind2=" " tag="010"><subfield code="a">sn 87002897 </subfield></datafield><datafield ind1=" " ind2=" " tag="040"><subfield code="a">TAI</subfield><subfield code="b">eng</subfield><subfield code="c">TAI</subfield><subfield code="d">NSD</subfield><subfield code="d">DLC</subfield><subfield code="d">OCLCQ</subfield><subfield code="d">OCLCF</subfield><subfield code="d">OCLCO</subfield></datafield><datafield ind1=" " ind2=" " tag="012"><subfield code="m">1</subfield></datafield><datafield ind1=" " ind2=" " tag="019"><subfield code="a">990653849</subfield></datafield><datafield ind1="1" ind2=" " tag="022"><subfield code="a">0894-5365</subfield><subfield code="l">0894-5365</subfield><subfield code="2">1</subfield></datafield><datafield ind1="1" ind2=" " tag="029"><subfield code="a">AU@</subfield><subfield code="b">000020480639</subfield></datafield><datafield ind1="1" ind2=" " tag="029"><subfield code="a">NZ1</subfield><subfield code="b">16074381</subfield></datafield><datafield ind1=" " ind2=" " tag="032"><subfield code="a">468830</subfield><subfield code="b">USPS</subfield></datafield><datafield ind1=" " ind2=" " tag="037"><subfield code="b">Corpus Christi Caller-Times, P.O. Box 9136, Corpus Christi, TX 78469</subfield></datafield><datafield ind1=" " ind2=" " tag="042"><subfield code="a">nsdp</subfield><subfield code="a">pcc</subfield></datafield><datafield ind1=" " ind2=" " tag="043"><subfield code="a">n-us-tx</subfield></datafield><datafield ind1="0" ind2="0" tag="050"><subfield code="a">Newspaper</subfield></datafield><datafield ind1=" " ind2="0" tag="222"><subfield code="a">Corpus Christi caller-times</subfield></datafield><datafield ind1="0" ind2="0" tag="245"><subfield code="a">Corpus Christi caller-times.</subfield></datafield><datafield ind1="0" ind2="0" tag="246"><subfield code="a">Corpus Christi caller times</subfield></datafield><datafield ind1=" " ind2=" " tag="260"><subfield code="a">Corpus Christi, Tex. :</subfield><subfield code="b">Caller-Times Pub. Co.,</subfield><subfield code="c">1987-</subfield></datafield><datafield ind1=" " ind2=" " tag="300"><subfield code="a">v. :</subfield><subfield code="b">ill. ;</subfield><subfield code="c">58 cm.</subfield></datafield><datafield ind1=" " ind2=" " tag="310"><subfield code="a">Daily</subfield></datafield><datafield ind1="0" ind2=" " tag="362"><subfield code="a">Vol. 105, no. 152 (June 1, 1987)-</subfield></datafield><datafield ind1=" " ind2="0" tag="651"><subfield code="a">Corpus Christi (Tex.)</subfield><subfield code="v">Newspapers.</subfield></datafield><datafield ind1=" " ind2="7" tag="655"><subfield code="a">Newspapers.</subfield><subfield code="2">fast</subfield><subfield code="0">(OCoLC)fst01423814</subfield></datafield><datafield ind1=" " ind2="7" tag="651"><subfield code="a">Texas</subfield><subfield code="z">Corpus Christi.</subfield><subfield code="2">fast</subfield><subfield code="0">(OCoLC)fst01204275</subfield></datafield><datafield ind1=" " ind2=" " tag="752"><subfield code="a">United States</subfield><subfield code="b">Texas</subfield><subfield code="c">Nueces</subfield><subfield code="d">Corpus Christi.</subfield></datafield><datafield ind1="0" ind2="4" tag="780"><subfield code="t">Corpus Christi caller (Corpus Christi, Tex. 1918)</subfield><subfield code="x">0889-812X</subfield><subfield code="w">(OCoLC)13188235</subfield></datafield><datafield ind1="0" ind2="4" tag="780"><subfield code="t">Corpus Christi times (Corpus Christi, Tex. : 1911)</subfield><subfield code="x">0747-4474</subfield><subfield code="w">(OCoLC)10863206</subfield></datafield><datafield ind1=" " ind2=" " tag="936"><subfield code="a">Vol. 118, no. 213 (July 31, 2000) LIC</subfield></datafield></record>